@inproceedings{garcia2018context,
  title={Context: The missing piece in the machine learning lifecycle},
  author={Garcia, Rolando and Sreekanti, Vikram and Yadwadkar, Neeraja and Crankshaw, Daniel and Gonzalez, Joseph E and Hellerstein, Joseph M},
  booktitle={KDD CMI Workshop},
  volume={114},
  pages={1--4},
  year={2018}
}

@article{langley1988machine,
  title={Machine learning as an experimental science},
  author={Langley, Pat},
  journal={Machine Learning},
  volume={3},
  number={1},
  pages={5--8},
  year={1988},
  publisher={Springer}
}

@inproceedings{hill2016trials,
  title={Trials and tribulations of developers of intelligent systems: A field study},
  author={Hill, Charles and Bellamy, Rachel and Erickson, Thomas and Burnett, Margaret},
  booktitle={2016 IEEE symposium on visual languages and human-centric computing (VL/HCC)},
  pages={162--170},
  year={2016},
  organization={IEEE}
}

@inproceedings{vartak2016modeldb,
  title={ModelDB: a system for machine learning model management},
  author={Vartak, Manasi and Subramanyam, Harihar and Lee, Wei-En and Viswanathan, Srinidhi and Husnoo, Saadiyah and Madden, Samuel and Zaharia, Matei},
  booktitle={Proceedings of the Workshop on Human-In-the-Loop Data Analytics},
  pages={1--3},
  year={2016}
}

@misc{goodfellow2016deep,
  title={Deep learning},
  author={Goodfellow, Ian},
  year={2016},
  publisher={MIT press}
}

@misc{tensorboard,
  title = {TensorBoard},
  howpublished = {\url{https://www.tensorflow.org/tensorboard}},
  note = "[Accessed: 19-Sep-2024]"
}

@misc{wandb,
  title = {Weights and Biases},
  howpublished = {\url{https://www.wandb.com/}},
  note = "[Accessed: 19-Sep-2024]"
}

@misc{mlflow,
  title = {MLflow},
  howpublished = {\url{https://mlflow.org/}},
  note = "[Accessed: 19-Sep-2024]"
}

@misc{nvidia,
  title = {NVIDIA System Management Interface (nvidiasmi)},
  howpublished = {\url{https://developer.nvidia.com/nvidia-system-management-interface}},
  note = "[Accessed: 19-Sep-2024]"
}

@misc{cloudcalc,
  title = {Google Cloud Pricing Calculator},
  howpublished = {\url{https://cloud.google.com/products/calculator}},
  note = "[Accessed: 19-Sep-2024]"
}

@misc{aws_sagemaker,
  title = {AWS SageMaker documentation and platform overview},
  howpublished = {\url{https://docs.aws.amazon.com/sagemaker/}},
  note = "[Accessed: 19-Sep-2024]"
}

@misc{azure_ml,
  title = {Azure Machine Learning product documentation},
  howpublished = {\url{https://docs.microsoft.com/en-us/azure/machine-learning/}},
  note = "[Accessed: 19-Sep-2024]"
}

@misc{gcv,
  title = {Google Cloud Vertex AI documentation},
  howpublished = {\url{https://cloud.google.com/vertex-ai/docs/}},
  note = "[Accessed: 19-Sep-2024]"
}

@misc{comet_ml,
  title = {Feature comparison and analysis of Comet ML},
  howpublished = {\url{https://www.comet.com/site/feature-comparison}},
  note = "[Accessed: 19-Sep-2024]"
}

@misc{reactjs,
  title = {React.js Documentation},
  howpublished = {\url{https://react.dev/}},
  note = "[Accessed: 19-Sep-2024]"
}

@misc{aws,
  title = {Amazon Web Services (AWS) Documentation},
  howpublished = {\url{https://aws.amazon.com/documentation/}},
  note = "[Accessed: 19-Sep-2024]"
}

@misc{postgresql,
  title = {PostgreSQL Documentation},
  howpublished = {\url{https://www.postgresql.org/docs/}},
  note = "[Accessed: 19-Sep-2024]"
}

@misc{fastapi,
  title = {FastAPI Documentation},
  howpublished = {\url{https://fastapi.tiangolo.com/}},
  note = "[Accessed: 19-Sep-2024]"
}

@misc{linkedin_timeline,
  author = {LinkedIn},
  title = {How can you create a timeline for your research proposal?},
  year = {2024},
  note = {Retrieved from \url{https://www.linkedin.com/advice/0/how-can-you-create-timeline-your-research-proposal-skills-writing-csddf}}
}

@article{karamitsos2020applying,
  title={Applying DevOps practices of continuous automation for machine learning},
  author={Karamitsos, Ioannis and Albarhami, Saeed and Apostolopoulos, Charalampos},
  journal={Information},
  volume={11},
  number={7},
  pages={363},
  year={2020},
  publisher={MDPI}
}

@article{spjuth2021machine,
  title={The machine learning life cycle and the cloud: implications for drug discovery},
  author={Spjuth, Ola and Frid, Jens and Hellander, Andreas},
  journal={Expert opinion on drug discovery},
  volume={16},
  number={9},
  pages={1071--1079},
  year={2021},
  publisher={Taylor \& Francis}
}

@inproceedings{derakhshan2019continuous,
  title={Continuous Deployment of Machine Learning Pipelines.},
  author={Derakhshan, Behrouz and Mahdiraji, Alireza Rezaei and Rabl, Tilmann and Markl, Volker},
  booktitle={EDBT},
  pages={397--408},
  year={2019}
}

@inproceedings{silva2020benchmarking,
  title={Benchmarking machine learning solutions in production},
  author={Silva, Lucas Cardoso and Zagatti, Fernando Rezende and Sette, Bruno Silva and dos Santos Silva, Lucas Nildaimon and Lucr{\'e}dio, Daniel and Silva, Diego Furtado and de Medeiros Caseli, Helena},
  booktitle={2020 19th IEEE International Conference on Machine Learning and Applications (ICMLA)},
  pages={626--633},
  year={2020},
  organization={IEEE}
}


@inproceedings{banerjee2020challenges,
  title={Challenges and Experiences with $\{$MLOps$\}$ for Performance Diagnostics in $\{$Hybrid-Cloud$\}$ Enterprise Software Deployments},
  author={Banerjee, Amitabha and Chen, Chien-Chia and Hung, Chien-Chun and Huang, Xiaobo and Wang, Yifan and Chevesaran, Razvan},
  booktitle={2020 USENIX Conference on Operational Machine Learning (OpML 20)},
  year={2020}
}

@inproceedings{vuppalapati2020automating,
  title={Automating tiny ml intelligent sensors devops using microsoft azure},
  author={Vuppalapati, Chandrasekar and Ilapakurti, Anitha and Chillara, Karthik and Kedari, Sharat and Mamidi, Vanaja},
  booktitle={2020 ieee international conference on big data (big data)},
  pages={2375--2384},
  year={2020},
  organization={IEEE}
}

@phdthesis{siqueira2023autonomous,
  title={Autonomous Incident Response},
  author={Siqueira, Juan Christian da Silva},
  year={2023}
}

@article{karn2018dynamic,
  title={Dynamic autoselection and autotuning of machine learning models for cloud network analytics},
  author={Karn, Rupesh Raj and Kudva, Prabhakar and Elfadel, Ibrahim Abe M},
  journal={IEEE Transactions on Parallel and Distributed Systems},
  volume={30},
  number={5},
  pages={1052--1064},
  year={2018},
  publisher={IEEE}
}
